@article{kratzenstein2012effective,
	title={Effective marker placement for functional identification of the centre of rotation at the hip},
	author={Kratzenstein, Stefan and Kornaropoulos, Evgenios I and Ehrig, Rainald M and Heller, Markus O and P{\"o}pplau, Berry M and Taylor, William R},
	journal={Gait \& posture},
	volume={36},
	number={3},
	pages={482--486},
	year={2012},
	publisher={Elsevier}
}