\begin{filecontents}
@article{kratzenstein2012effective,
	title={Effective marker placement for functional identification of the centre of rotation at the hip},
	author={Kratzenstein, Stefan and Kornaropoulos, Evgenios I and Ehrig, Rainald M and Heller, Markus O and P{\"o}pplau, Berry M and Taylor, William R},
	journal={Gait \& posture},
	volume={36},
	number={3},
	pages={482--486},
	year={2012},
	publisher={Elsevier}
}

@article{khanuja2011cementless,
	title={Cementless femoral fixation in total hip arthroplasty},
	author={Khanuja, Harpal S and Vakil, Jeffrey J and Goddard, Maria S and Mont, Michael A},
	journal={JBJS},
	volume={93},
	number={5},
	pages={500--509},
	year={2011},
	publisher={LWW}
}

@article{jones2004modular,
	title={Modular revision stems in total hip arthroplasty.},
	author={Jones, Richard E},
	journal={Clinical Orthopaedics and Related Research (1976-2007)},
	volume={420},
	pages={142--147},
	year={2004},
	publisher={LWW}
}

@article{keener2003twenty,
	title={Twenty-five-year results after Charnley total hip arthroplasty in patients less than fifty years old: a concise follow-up of a previous report},
	author={Keener, Jay D and Callaghan, John J and Goetz, Devon D and Pederson, Douglas R and Sullivan, Patrick M and Johnston, Richard C},
	journal={JBJS},
	volume={85},
	number={6},
	pages={1066--1072},
	year={2003},
	publisher={LWW}
}

@article{oliveria1995incidence,
	title={Incidence of symptomatic hand, hip, and knee osteoarthritis among patients in a health maintenance organization},
	author={Oliveria, Susan A and Felson, David T and Reed, John I and Cirillo, Priscilla A and Walker, Alexander M},
	journal={Arthritis \& Rheumatism: Official Journal of the American College of Rheumatology},
	volume={38},
	number={8},
	pages={1134--1141},
	year={1995},
	publisher={Wiley Online Library}
}

@misc{pivec2012hip,
	title={Hip arthroplasty},
	author={Pivec, Robert and Johnson, Aaron J and Mears, Simon C and Mont, Michael A},
	journal={The Lancet},
	volume={380},
	number={9855},
	pages={1768--1777},
	year={2012},
	publisher={Elsevier}
}
@article{pivec2014modular,
	title={Modular taper junction corrosion and failure: how to approach a recalled total hip arthroplasty implant},
	author={Pivec, Robert and Meneghini, R Michael and Hozack, William J and Westrich, Geoffrey H and Mont, Michael A},
	journal={The Journal of arthroplasty},
	volume={29},
	number={1},
	pages={1--6},
	year={2014},
	publisher={Elsevier}
}   
@article{davis2007importance,
	title={The importance of range of motion after total hip arthroplasty},
	author={Davis, Kenneth E and Ritter, Merrill A and Berend, Michael E and Meding, John B},
	journal={Clinical Orthopaedics and Related Research{\textregistered}},
	volume={465},
	pages={180--184},
	year={2007},
	publisher={LWW}
}
@article{callaghan1990assessing,
	title={Assessing the results of hip replacement. A comparison of five different rating systems},
	author={Callaghan, JOHN J and Dysart, STANLEY H and Savory, CARLTON F and Hopkinson, WILLIAM J},
	journal={The Journal of bone and joint surgery. British volume},
	volume={72},
	number={6},
	pages={1008--1009},
	year={1990},
	publisher={The British Editorial Society of Bone and Joint Surgery}
}
@article{holm2000reliability,
	title={Reliability of goniometric measurements and visual estimates of hip ROM in patients with osteoarthrosis},
	author={Holm, Inger and Bolstad, Bj{\o}rg and L{\"u}tken, Teresa and Ervik, Anne and R{\o}kkum, Magne and Steen, Harald},
	journal={Physiotherapy Research International},
	volume={5},
	number={4},
	pages={241--248},
	year={2000},
	publisher={Wiley Online Library}
}
@article{roach2013concurrent,
	title={Concurrent validity of digital inclinometer and universal goniometer in assessing passive hip mobility in healthy subjects},
	author={Roach, Sean and San Juan, Jun G and Suprak, David N and Lyda, Marc},
	journal={International journal of sports physical therapy},
	volume={8},
	number={5},
	pages={680},
	year={2013},
	publisher={The Sports Physical Therapy Section of the American Physical Therapy Association}
}
@article{dumbleton2002literature,
	title={A literature review of the association between wear rate and osteolysis in total hip arthroplasty},
	author={Dumbleton, John H and Manley, Michael T and Edidin, Avram A},
	journal={The Journal of arthroplasty},
	volume={17},
	number={5},
	pages={649--661},
	year={2002},
	publisher={Elsevier}
}
@article{chung2011simple,
	title={A simple 5-DoF MR-compatible motion signal measurement system},
	author={Chung, Soon-Cheol and Kim, Hyung-Sik and Yang, Jae-Woong and Lee, Su-Jeong and Choi, Mi-Hyun and Kim, Ji-Hye and Yeon, Hong-Won and Park, Jang-Yeon and Yi, Jeong-Han and Tack, Gye-Rae},
	journal={Behavior research methods},
	volume={43},
	number={3},
	pages={897},
	year={2011},
	publisher={Springer}
}
@article{miki2007anatomic,
	title={Anatomic hip range of motion after implantation during total hip arthroplasty as measured by a navigation system},
	author={Miki, Hidenobu and Yamanashi, Wataru and Nishii, Takashi and Sato, Yoshinobu and Yoshikawa, Hideki and Sugano, Nobuhiko},
	journal={The Journal of arthroplasty},
	volume={22},
	number={7},
	pages={946--952},
	year={2007},
	publisher={Elsevier}
}
@article{wong2007clinical,
	title={Clinical applications of sensors for human posture and movement analysis: a review},
	author={Wong, Wai Yin and Wong, Man Sang and Lo, Kam Ho},
	journal={Prosthetics and orthotics international},
	volume={31},
	number={1},
	pages={62--75},
	year={2007},
	publisher={Taylor \& Francis}
}
@article{widmer2004compliant,
	title={Compliant positioning of total hip components for optimal range of motion},
	author={Widmer, K-H and Zurfluh, B},
	journal={Journal of Orthopaedic Research},
	volume={22},
	number={4},
	pages={815--821},
	year={2004},
	publisher={Wiley Online Library}
}
@article{roach2013concurrent,
	title={Concurrent validity of digital inclinometer and universal goniometer in assessing passive hip mobility in healthy subjects},
	author={Roach, Sean and San Juan, Jun G and Suprak, David N and Lyda, Marc},
	journal={International journal of sports physical therapy},
	volume={8},
	number={5},
	pages={680},
	year={2013},
	publisher={The Sports Physical Therapy Section of the American Physical Therapy Association}
}
@article{widmer2007containment,
	title={Containment versus impingement: finding a compromise for cup placement in total hip arthroplasty},
	author={Widmer, K-H},
	journal={International orthopaedics},
	volume={31},
	number={1},
	pages={29--33},
	year={2007},
	publisher={Springer}
}
@inproceedings{bakhshi2011development,
	title={Development of a body joint angle measurement system using IMU sensors},
	author={Bakhshi, Saba and Mahoor, Mohammad H and Davidson, Bradley S},
	booktitle={Engineering in Medicine and Biology Society, EMBC, 2011 Annual International Conference of the IEEE},
	pages={6923--6926},
	year={2011},
	organization={IEEE}
}
@article{turley2011establishing,
	title={Establishing a range of motion boundary for total hip arthroplasty},
	author={Turley, Glen A and Ahmed, SMY and Williams, Mark A and Griffin, Damian R},
	journal={Proceedings of the Institution of Mechanical Engineers, Part H: Journal of Engineering in Medicine},
	volume={225},
	number={8},
	pages={769--782},
	year={2011},
	publisher={SAGE Publications Sage UK: London, England}
}
@inproceedings{giggins2013evaluating,
	title={Evaluating rehabilitation exercise performance using a single inertial measurement unit},
	author={Giggins, Oonagh and Kelly, Daniel and Caulfield, Brian},
	booktitle={Proceedings of the 7th International Conference on Pervasive Computing Technologies for Healthcare},
	pages={49--56},
	year={2013},
	organization={ICST (Institute for Computer Sciences, Social-Informatics and Telecommunications Engineering)}
}
@article{lin2012human,
	title={Human pose recovery using wireless inertial measurement units},
	author={Lin, Jonathan FS and Kuli{\'c}, Dana},
	journal={Physiological measurement},
	volume={33},
	number={12},
	pages={2099},
	year={2012},
	publisher={IOP Publishing}
}
@article{malik2007impingement,
	title={Impingement with total hip replacement},
	author={Malik, Aamer and Maheshwari, Aditya and Dorr, Lawrence D},
	journal={JBJS},
	volume={89},
	number={8},
	pages={1832--1842},
	year={2007},
	publisher={LWW}
}
@article{seel2014imu,
	title={IMU-based joint angle measurement for gait analysis},
	author={Seel, Thomas and Raisch, J{\"o}rg and Schauer, Thomas},
	journal={Sensors},
	volume={14},
	number={4},
	pages={6891--6909},
	year={2014},
	publisher={Multidisciplinary Digital Publishing Institute}
}
@article{mcginnis2013inertial,
	title={Inertial sensor based method for identifying spherical joint center of rotation},
	author={McGinnis, Ryan S and Perkins, Noel C},
	journal={Journal of biomechanics},
	volume={46},
	number={14},
	pages={2546--2549},
	year={2013},
	publisher={Elsevier}
}
@article{nishihara2003measurements,
	title={Measurements of pelvic flexion angle using three-dimensional computed tomography.},
	author={Nishihara, Shunsaku and Sugano, Nobuhiko and Nishii, Takashi and Ohzono, Kenji and Yoshikawa, Hideki},
	journal={Clinical orthopaedics and related research},
	volume={411},
	pages={140--151},
	year={2003},
	publisher={LWW}
}
@article{bloomfield2018proposal,
	title={Proposal and Validation of a Knee Measurement System for Patients with Osteoarthritis},
	author={Bloomfield, Riley Aaron and Fennema, Megan Christine and McIsaac, Kenneth and Teeter, Matthew},
	journal={IEEE Transactions on Biomedical Engineering},
	year={2018},
	publisher={IEEE}
}
@article{ong2009prosthetic,
	title={Prosthetic joint infection risk after total hip arthroplasty in the Medicare population},
	author={Ong, Kevin L and Kurtz, Steven M and Lau, Edmund and Bozic, Kevin J and Berry, Daniel J and Parvizi, Javad},
	journal={The Journal of arthroplasty},
	volume={24},
	number={6},
	pages={105--109},
	year={2009},
	publisher={Elsevier}
}
@article{burroughs2005range,
	title={Range of motion and stability in total hip arthroplasty with 28-, 32-, 38-, and 44-mm femoral head sizes: an in vitro study},
	author={Burroughs, Brian R and Hallstrom, Brian and Golladay, Gregory J and Hoeffel, Daniel and Harris, William H},
	journal={The Journal of arthroplasty},
	volume={20},
	number={1},
	pages={11--19},
	year={2005},
	publisher={Elsevier}
}
@inproceedings{sugano2003ranges,
	title={Ranges of motion in anatomically normal hips using computer collision detection},
	author={Sugano, N and Yamanashi, W and Sasama, T and Sato, Y and Nishii, T and Miki, H and Yoshikawa, H},
	booktitle={Read at the 49th Annual Meeting of the Orthopaedic Research Society},
	pages={2--5},
	year={2003}
}
@article{biedermann2005reducing,
	title={Reducing the risk of dislocation after total hip arthroplasty: the effect of orientation of the acetabular component},
	author={Biedermann, R and Tonin, A and Krismer, M and Rachbauer, F and Eibl, G and St{\"o}ckl, B},
	journal={The Journal of bone and joint surgery. British volume},
	volume={87},
	number={6},
	pages={762--769},
	year={2005},
	publisher={The British Editorial Society of Bone and Joint Surgery}
}
@article{charlton2015reliability,
	title={Reliability and concurrent validity of a Smartphone, bubble inclinometer and motion analysis system for measurement of hip joint range of motion},
	author={Charlton, Paula C and Mentiplay, Benjamin F and Pua, Yong-Hao and Clark, Ross A},
	journal={Journal of Science and Medicine in Sport},
	volume={18},
	number={3},
	pages={262--267},
	year={2015},
	publisher={Elsevier}
}
@article{holm2000reliability,
	title={Reliability of goniometric measurements and visual estimates of hip ROM in patients with osteoarthrosis},
	author={Holm, Inger and Bolstad, Bj{\o}rg and L{\"u}tken, Teresa and Ervik, Anne and R{\o}kkum, Magne and Steen, Harald},
	journal={Physiotherapy Research International},
	volume={5},
	number={4},
	pages={241--248},
	year={2000},
	publisher={Wiley Online Library}
}
@article{clapis2008reliability,
	title={Reliability of inclinometer and goniometric measurements of hip extension flexibility using the modified Thomas test},
	author={Clapis, Phyllis A and Davis, Susan Mercik and Davis, Ross Otto},
	journal={Physiotherapy theory and practice},
	volume={24},
	number={2},
	pages={135--141},
	year={2008},
	publisher={Taylor \& Francis}
}
@article{zeng2011sensing,
	title={Sensing movement: Microsensors for body motion measurement},
	author={Zeng, Hansong and Zhao, Yi},
	journal={Sensors},
	volume={11},
	number={1},
	pages={638--660},
	year={2011},
	publisher={Molecular Diversity Preservation International}
}
@article{charles2005,
	title={Soft-tissue balancing of the hip: the role of femoral offset restoration.},
	author={Charles, MN and Bourne, RB and Davey, JR and Greenwald, AS and Morrey, BF and Rorabeck, CH},
	journal={Instructional course lectures},
	volume={54},
	pages={131--141},
	year={2005}
}
@article{thornberry2009combined,
	title={The combined use of simulation and navigation to demonstrate hip kinematics},
	author={Thornberry, Robert L and Hogan, Andrew J},
	journal={JBJS},
	volume={91},
	number={Supplement\_1},
	pages={144--152},
	year={2009},
	publisher={LWW}
}
@article{bozic2009epidemiology,
	title={The epidemiology of revision total hip arthroplasty in the United States},
	author={Bozic, Kevin J and Kurtz, Steven M and Lau, Edmund and Ong, Kevin and Vail, Thomas P and Berry, Daniel J},
	journal={JBJS},
	volume={91},
	number={1},
	pages={128--133},
	year={2009},
	publisher={LWW}
}
@article{manap2015influence,
	title={The influence of femoral ball size on the range of motion that fulfills the criteria of safe zone orientation acetabular cup},
	author={Manap, M and Shuib, Solehuddin and Romli, A and Shokri, A},
	journal={Jurnal Teknologi},
	volume={76},
	number={7},
	pages={31--35},
	year={2015},
	publisher={Penerbit Universiti Teknologi Malaysia}
}
@article{learmonth2007operation,
	title={The operation of the century: total hip replacement},
	author={Learmonth, Ian D and Young, Claire and Rorabeck, Cecil},
	journal={The Lancet},
	volume={370},
	number={9597},
	pages={1508--1519},
	year={2007},
	publisher={Elsevier}
}
@article{shrader2003use,
	title={The use of a constrained acetabular component to treat instability after total hip arthroplasty},
	author={Shrader, M Wade and Parvizi, Javad and Lewallen, David G},
	journal={JBJS},
	volume={85},
	number={11},
	pages={2179--2183},
	year={2003},
	publisher={LWW}
}
@article{ulrich2008total,
	title={Total hip arthroplasties: what are the reasons for revision?},
	author={Ulrich, Slif D and Seyler, Thorsten M and Bennett, Derek and Delanois, Ronald E and Saleh, Khaled J and Thongtrangan, Issada and Kuskowski, Michael and Cheng, Edward Y and Sharkey, Peter F and Parvizi, Javad and others},
	journal={International orthopaedics},
	volume={32},
	number={5},
	pages={597--604},
	year={2008},
	publisher={Springer}
}
@article{holzwarth2012total,
	title={Total hip arthroplasty},
	author={Holzwarth, Uwe and Cotogno, Giulio},
	journal={Brussels: European Commission},
	year={2012}
}
@article{biedermann2007validation,
	title={Validation and Usefulness of a Computer-Assisted Cup-Positioning System in Total Hip Arthroplasty},
	author={Biedermann, Rainer},
	journal={JBJS},
	volume={89},
	number={8},
	pages={1869},
	year={2007},
	publisher={LWW}
}
@article{woerner2016visual,
	title={Visual intraoperative estimation of range of motion is misleading in minimally invasive total hip arthroplasty},
	author={Woerner, Michael and Weber, Markus and Sendtner, Ernst and Springorum, Robert and Worlicek, Michael and Craiovan, Benjamin and Grifka, Joachim and Renkawitz, Tobias},
	journal={Archives of orthopaedic and trauma surgery},
	volume={136},
	number={7},
	pages={1015--1020},
	year={2016},
	publisher={Springer}
}
@article{o2018wearable,
	title={Wearable inertial sensor systems for lower limb exercise detection and evaluation: a systematic review},
	author={O’Reilly, Martin and Caulfield, Brian and Ward, Tomas and Johnston, William and Doherty, Cailbhe},
	journal={Sports Medicine},
	pages={1--26},
	year={2018},
	publisher={Springer}
}
@article{zahar2013dislocation,
	title={Dislocation after total hip arthroplasty},
	author={Zahar, A and Rastogi, A and Kendoff, D},
	journal={Current reviews in musculoskeletal medicine},
	volume={6},
	number={4},
	pages={350--356},
	year={2013},
	publisher={Springer}
}
@incollection{macinnes2012risk,
	title={Risk factors for aseptic loosening following total hip arthroplasty},
	author={MacInnes, Scott J and Gordon, Andrew and Wilkinson, J Mark},
	booktitle={Recent advances in arthroplasty},
	year={2012},
	publisher={InTech}
}
@article{lecerf2009femoral,
	title={Femoral offset: anatomical concept, definition, assessment, implications for preoperative templating and hip arthroplasty},
	author={Lecerf, G and Fessy, MH and Philippot, R and Massin, P and Giraud, F and Flecher, X and Girard, J and Mertl, P and Marchetti, E and Stindel, E},
	journal={Orthopaedics \& Traumatology: Surgery \& Research},
	volume={95},
	number={3},
	pages={210--219},
	year={2009},
	publisher={Elsevier}
}
@article{huppertz2011computed,
	title={Computed tomography for preoperative planning in minimal-invasive total hip arthroplasty: radiation exposure and cost analysis},
	author={Huppertz, Alexander and Radmer, Sebastian and Asbach, Patrick and Juran, Ralf and Schwenke, Carsten and Diederichs, Gerd and Hamm, Bernd and Sparmann, Martin},
	journal={European journal of radiology},
	volume={78},
	number={3},
	pages={406--413},
	year={2011},
	publisher={Elsevier}
}
@article{bono2004digital,
	title={Digital templating in total hip arthroplasty},
	author={Bono, James V},
	journal={JBJS},
	volume={86},
	number={suppl\_2},
	pages={118--122},
	year={2004},
	publisher={LWW}
}
@article{pluot2009hip,
	title={Hip arthroplasty. Part 1: prosthesis terminology and classification},
	author={Pluot, E and Davis, ET and Revell, M and Davies, AM and James, SLJ},
	journal={Clinical radiology},
	volume={64},
	number={10},
	pages={954--960},
	year={2009},
	publisher={Elsevier}
}
@article{della2005preoperative,
	title={Preoperative planning for primary total hip arthroplasty},
	author={Della Valle, Alejandro Gonz{\'a}lez and Padgett, Douglas E and Salvati, Eduardo A},
	journal={JAAOS-Journal of the American Academy of Orthopaedic Surgeons},
	volume={13},
	number={7},
	pages={455--462},
	year={2005},
	publisher={LWW}
}
@article{scheerlinck2010primary,
	title={Primary hip arthroplasty templating on standard radiographs. A stepwise approach},
	author={Scheerlinck, Thierry},
	journal={Acta Orthop Belg},
	volume={76},
	number={4},
	pages={432--442},
	year={2010}
}
@article{palan2018surgical,
	title={Surgical approaches for primary total hip replacement},
	author={Palan, Jeya and Manktelow, Andrew},
	journal={Orthopaedics and Trauma},
	volume={32},
	number={1},
	pages={1--12},
	year={2018},
	publisher={Elsevier}
}
@article{chechik2013surgical,
	title={Surgical approach and prosthesis fixation in hip arthroplasty world wide},
	author={Chechik, Ofir and Khashan, Morsi and Lador, Ran and Salai, Moshe and Amar, Eyal},
	journal={Archives of orthopaedic and trauma surgery},
	volume={133},
	number={11},
	pages={1595--1600},
	year={2013},
	publisher={Springer}
}
@article{camenzind2018direct,
	title={Direct anterior approach to the hip joint in the lateral decubitus position for joint replacement},
	author={Camenzind, RS and Stoffel, K and Lash, NJ and Beck, M},
	journal={Operative Orthop{\"a}die und Traumatologie},
	pages={1--10},
	year={2018},
	publisher={Springer}
}
@article{petis2015surgical,
	title={Surgical approach in primary total hip arthroplasty: anatomy, technique and clinical outcomes},
	author={Petis, Stephen and Howard, James L and Lanting, Brent L and Vasarhelyi, Edward M},
	journal={Canadian Journal of Surgery},
	volume={58},
	number={2},
	pages={128},
	year={2015},
	publisher={Canadian Medical Association}
}
@article{zahar2013dislocation,
	title={Dislocation after total hip arthroplasty},
	author={Zahar, A and Rastogi, A and Kendoff, D},
	journal={Current reviews in musculoskeletal medicine},
	volume={6},
	number={4},
	pages={350--356},
	year={2013},
	publisher={Springer}
}
@article{biedermann2005reducing,
	title={Reducing the risk of dislocation after total hip arthroplasty: the effect of orientation of the acetabular component},
	author={Biedermann, R and Tonin, A and Krismer, M and Rachbauer, F and Eibl, G and St{\"o}ckl, B},
	journal={The Journal of bone and joint surgery. British volume},
	volume={87},
	number={6},
	pages={762--769},
	year={2005},
	publisher={The British Editorial Society of Bone and Joint Surgery}
}
@article{biedermann2007validation,
	title={Validation and Usefulness of a Computer-Assisted Cup-Positioning System in Total Hip Arthroplasty},
	author={Biedermann, Rainer},
	journal={JBJS},
	volume={89},
	number={8},
	pages={1869},
	year={2007},
	publisher={LWW}
}
@article{ulrich2008total,
	title={Total hip arthroplasties: what are the reasons for revision?},
	author={Ulrich, Slif D and Seyler, Thorsten M and Bennett, Derek and Delanois, Ronald E and Saleh, Khaled J and Thongtrangan, Issada and Kuskowski, Michael and Cheng, Edward Y and Sharkey, Peter F and Parvizi, Javad and others},
	journal={International orthopaedics},
	volume={32},
	number={5},
	pages={597--604},
	year={2008},
	publisher={Springer}
}
@article{burroughs2005range,
	title={Range of motion and stability in total hip arthroplasty with 28-, 32-, 38-, and 44-mm femoral head sizes: an in vitro study},
	author={Burroughs, Brian R and Hallstrom, Brian and Golladay, Gregory J and Hoeffel, Daniel and Harris, William H},
	journal={The Journal of arthroplasty},
	volume={20},
	number={1},
	pages={11--19},
	year={2005},
	publisher={Elsevier}
}
@article{widmer2004compliant,
	title={Compliant positioning of total hip components for optimal range of motion},
	author={Widmer, K-H and Zurfluh, B},
	journal={Journal of Orthopaedic Research},
	volume={22},
	number={4},
	pages={815--821},
	year={2004},
	publisher={Wiley Online Library}
}
@article{woerner2016visual,
	title={Visual intraoperative estimation of range of motion is misleading in minimally invasive total hip arthroplasty},
	author={Woerner, Michael and Weber, Markus and Sendtner, Ernst and Springorum, Robert and Worlicek, Michael and Craiovan, Benjamin and Grifka, Joachim and Renkawitz, Tobias},
	journal={Archives of orthopaedic and trauma surgery},
	volume={136},
	number={7},
	pages={1015--1020},
	year={2016},
	publisher={Springer}
}
@article{charlton2015reliability,
	title={Reliability and concurrent validity of a Smartphone, bubble inclinometer and motion analysis system for measurement of hip joint range of motion},
	author={Charlton, Paula C and Mentiplay, Benjamin F and Pua, Yong-Hao and Clark, Ross A},
	journal={Journal of Science and Medicine in Sport},
	volume={18},
	number={3},
	pages={262--267},
	year={2015},
	publisher={Elsevier}
}
@incollection{macinnes2012risk,
	title={Risk factors for aseptic loosening following total hip arthroplasty},
	author={MacInnes, Scott J and Gordon, Andrew and Wilkinson, J Mark},
	booktitle={Recent advances in arthroplasty},
	year={2012},
	publisher={InTech}
}
@article{jafari2010revision,
	title={Revision hip arthroplasty: infection is the most common cause of failure},
	author={Jafari, S Mehdi and Coyle, Catelyn and Mortazavi, SM Javad and Sharkey, Peter F and Parvizi, Javad},
	journal={Clinical Orthopaedics and Related Research{\textregistered}},
	volume={468},
	number={8},
	pages={2046--2051},
	year={2010},
	publisher={Springer}
}
@article{bozic2004economic,
	title={Economic evaluation in total hip arthroplasty: analysis and review of the literature},
	author={Bozic, Kevin J and Saleh, Khaled J and Rosenberg, Aaron G and Rubash, Harry E},
	journal={The Journal of arthroplasty},
	volume={19},
	number={2},
	pages={180--189},
	year={2004},
	publisher={Elsevier}
}
@article{masonis2002surgical,
	title={Surgical approach, abductor function, and total hip arthroplasty dislocation.},
	author={Masonis, John L and Bourne, Robert B},
	journal={Clinical Orthopaedics and Related Research (1976-2007)},
	volume={405},
	pages={46--53},
	year={2002},
	publisher={LWW}
}
@article{zeng2011sensing,
	title={Sensing movement: Microsensors for body motion measurement},
	author={Zeng, Hansong and Zhao, Yi},
	journal={Sensors},
	volume={11},
	number={1},
	pages={638--660},
	year={2011},
	publisher={Molecular Diversity Preservation International}
}
@article{wong2007clinical,
	title={Clinical applications of sensors for human posture and movement analysis: a review},
	author={Wong, Wai Yin and Wong, Man Sang and Lo, Kam Ho},
	journal={Prosthetics and orthotics international},
	volume={31},
	number={1},
	pages={62--75},
	year={2007},
	publisher={Taylor \& Francis}
}
@article{bloomfield2018proposal,
	title={Proposal and Validation of a Knee Measurement System for Patients with Osteoarthritis},
	author={Bloomfield, Riley Aaron and Fennema, Megan Christine and McIsaac, Kenneth and Teeter, Matthew},
	journal={IEEE Transactions on Biomedical Engineering},
	year={2018},
	publisher={IEEE}
}
@article{charnley1972long,
	title={The long-term results of low-friction arthroplasty of the hip performed as a primary intervention},
	author={Charnley, John},
	journal={The Journal of bone and joint surgery. British volume},
	volume={54},
	number={1},
	pages={61--76},
	year={1972},
	publisher={The British Editorial Society of Bone and Joint Surgery}
}
@article{harris1969traumatic,
	title={Traumatic Arthritis of the Hip after Dislocation and Acetabular Fractures: Treatment by Mold ArthroplastyAN END-RESULT STUDY USING A NEW METHOD OF RESULT EVALUATION},
	author={HARRIS, WILLIAM H},
	journal={JBJS},
	volume={51},
	number={4},
	pages={737--755},
	year={1969},
	publisher={LWW}
}
@article{d1954functional,
	title={Functional results of hip arthroplasty with acrylic prosthesis},
	author={d'Aubigne, R Merle and Postel, M},
	journal={JBJS},
	volume={36},
	number={3},
	pages={451--475},
	year={1954},
	publisher={LWW}
}
@article{singh2016validation,
	title={Validation of the Mayo Hip Score: construct validity, reliability and responsiveness to change},
	author={Singh, Jasvinder A and Schleck, Cathy and Harmsen, W Scott and Lewallen, David G},
	journal={BMC musculoskeletal disorders},
	volume={17},
	number={1},
	pages={39},
	year={2016},
	publisher={BioMed Central}
}
@article{harris1980advances,
	title={Advances in surgical technique for total hip replacement: without and with osteotomy of the greater trochanter.},
	author={Harris, William H},
	journal={Clinical orthopaedics and related research},
	number={146},
	pages={188--204},
	year={1980}
}
@article{widmer2004compliant,
	title={Compliant positioning of total hip components for optimal range of motion},
	author={Widmer, K-H and Zurfluh, B},
	journal={Journal of Orthopaedic Research},
	volume={22},
	number={4},
	pages={815--821},
	year={2004},
	publisher={Wiley Online Library}
}
@article{tanino2018hip,
	title={Hip stability after total hip arthroplasty predicted by intraoperative stability test and range of motion: a cross-sectional study},
	author={Tanino, Hiromasa and Sato, Tatsuya and Nishida, Yasuhiro and Mitsutake, Ryo and Ito, Hiroshi},
	journal={BMC musculoskeletal disorders},
	volume={19},
	number={1},
	pages={373},
	year={2018},
	publisher={BioMed Central}
}
@article{steultjens2000range,
	title={Range of joint motion and disability in patients with osteoarthritis of the knee or hip},
	author={Steultjens, MPM and Dekker, J and Van Baar, ME and Oostendorp, RAB and Bijlsma, JWJ},
	journal={Rheumatology},
	volume={39},@article{miki2007anatomic,
	title={Anatomic hip range of motion after implantation during total hip arthroplasty as measured by a navigation system},
	author={Miki, Hidenobu and Yamanashi, Wataru and Nishii, Takashi and Sato, Yoshinobu and Yoshikawa, Hideki and Sugano, Nobuhiko},
	journal={The Journal of arthroplasty},
	volume={22},
	number={7},
	pages={946--952},
	year={2007},
	publisher={Elsevier}
	}
	number={9},
	pages={955--961},
	year={2000},
	publisher={Oxford University Press}
}
@article{miki2007anatomic,
	title={Anatomic hip range of motion after implantation during total hip arthroplasty as measured by a navigation system},
	author={Miki, Hidenobu and Yamanashi, Wataru and Nishii, Takashi and Sato, Yoshinobu and Yoshikawa, Hideki and Sugano, Nobuhiko},
	journal={The Journal of arthroplasty},
	volume={22},
	number={7},
	pages={946--952},
	year={2007},
	publisher={Elsevier}
}
@article{turley2011establishing,
	title={Establishing a range of motion boundary for total hip arthroplasty},
	author={Turley, Glen A and Ahmed, SMY and Williams, Mark A and Griffin, Damian R},
	journal={Proceedings of the Institution of Mechanical Engineers, Part H: Journal of Engineering in Medicine},
	volume={225},
	number={8},
	pages={769--782},
	year={2011},
	publisher={SAGE Publications Sage UK: London, England}
}
@inproceedings{jaramaz1997range,
	title={Range of motion after total hip arthroplasty: Experimental verification of the analytical simulator},
	author={Jaramaz, Branislav and Nikou, Constantinos and Simon, David A and DiGioia, Anthony M},
	booktitle={CVRMed-MRCAS'97},
	pages={573--582},
	year={1997},
	organization={Springer}
}
@article{brown2014impingement,
	title={Impingement and dislocation in total hip arthroplasty: mechanisms and consequences},
	author={Brown, Thomas D and Elkins, Jacob M and Pedersen, Douglas R and Callaghan, John J},
	journal={The Iowa orthopaedic journal},
	volume={34},
	pages={1},
	year={2014},
	publisher={University of Iowa}
}
@article{mohsin2015factors,
	title={Factors influencing the reliability of the universal goniometer in measurement of lower-limb range of motion: a literature review},
	author={Mohsin, Fatma and McGarry, Anthony and Bowers, Roy J},
	journal={JPO: Journal of Prosthetics and Orthotics},
	volume={27},
	number={4},
	pages={140--148},
	year={2015},
	publisher={LWW}
}
@article{chevillotte2009variability,
	title={Variability in hip range of motion on clinical examination},
	author={Chevillotte, Christophe J and Ali, Mir H and Trousdale, Robert T and Pagnano, Mark W},
	journal={The Journal of arthroplasty},
	volume={24},
	number={5},
	pages={693--697},
	year={2009},
	publisher={Elsevier}
}

@misc{goniometer_measurement,
	author={Dr Gehan Shaalan},
	title={PT Examination procedures hip goniometry},
	month={april},
	year={2013}
	Publisher={Batterjee Medical College},
}
	
	
@article{kilgour2003intrarater,
	title={Intrarater reliability of lower limb sagittal range-of-motion measures in children with spastic diplegia},
	author={Kilgour, Gaela and McNair, Peter and Stott, N Susan},
	journal={Developmental medicine and child neurology},
	volume={45},
	number={6},
	pages={391--399},
	year={2003},
	publisher={Cambridge University Press}
}
@article{mutlu2007reliability,
	title={Reliability of goniometric measurements in children with spastic cerebral palsy},
	author={Mutlu, Akmer and Livanelioglu, Ayse and Gunel, Mintaze Kerem},
	journal={Medical science monitor},
	volume={13},
	number={7},
	pages={CR323--CR329},
	year={2007},
	publisher={International Scientific Information, Inc.}
}
@article{bruton2000reliability,
	title={Reliability: what is it, and how is it measured?},
	author={Bruton, Anne and Conway, Joy H and Holgate, Stephen T},
	journal={Physiotherapy},
	volume={86},
	number={2},
	pages={94--99},
	year={2000},
	publisher={Elsevier}
}
@article{kelley2009role,
	title={Role of navigation in total hip arthroplasty},
	author={Kelley, Todd C and Swank, Michael L},
	journal={JBJS},
	volume={91},
	number={Supplement\_1},
	pages={153--158},
	year={2009},
	publisher={LWW}
}
@article{renkawitz2012development,
	title={Development and evaluation of an image-free computer-assisted impingement detection technique for total hip arthroplasty},
	author={Renkawitz, Tobias and Haimerl, Martin and Dohmen, Lars and Woerner, Michael and Springorum, Hans-Robert and Sendtner, Ernst and Heers, Guido and Weber, Markus and Grifka, Joachim},
	journal={Proceedings of the Institution of Mechanical Engineers, Part H: Journal of Engineering in Medicine},
	volume={226},
	number={12},
	pages={911--918},
	year={2012},
	publisher={Sage Publications Sage UK: London, England}
}
@article{renkawitz2009computer,
	title={Computer-assisted total hip arthroplasty: coding the next generation of navigation systems for orthopedic surgery},
	author={Renkawitz, Tobias and Tingart, Markus and Grifka, Joachim and Sendtner, Ernst and Kalteis, Thomas},
	journal={Expert review of medical devices},
	volume={6},
	number={5},
	pages={507--514},
	year={2009},
	publisher={Taylor \& Francis}
}
@article{bloomfield2018proposal,
	title={Proposal and Validation of a Knee Measurement System for Patients with Osteoarthritis},
	author={Bloomfield, Riley Aaron and Fennema, Megan Christine and McIsaac, Kenneth and Teeter, Matthew},
	journal={IEEE Transactions on Biomedical Engineering},
	year={2018},
	publisher={IEEE}
}
@article{lin2012human,
	title={Human pose recovery using wireless inertial measurement units},
	author={Lin, Jonathan FS and Kuli{\'c}, Dana},
	journal={Physiological measurement},
	volume={33},
	number={12},
	pages={2099},
	year={2012},
	publisher={IOP Publishing}
}
@BOOK{Gardner1994Microsensors,
	title     = {Microsensors: Principles and Applications},
	author    = {Gardner, Julian W.},
	year      = {1994},
	publisher = {Wiley},
	month    = {August},
	%note     = {},
	%volume   = {},
	%number   = {},
	%series   = {},
	%address  = {},
	%edition  = {},
}
@article{lucena2018mastication,
	title={Mastication evaluation with unsupervised learning: using an inertial sensor-based system},
	author={Lucena, Caroline Vieira and Lacerda, Marcelo and Caldas, Rafael and de Lima Neto, Fernando Buarque and Rativa, Diego},
	journal={IEEE journal of translational engineering in health and medicine},
	year={2018},
	publisher={IEEE}
}
@article{tessarolo2008sterilization,
	title={Sterilization of Biomedical Materials},
	author={Tessarolo, Francesco and Nollo, Giandomenico},
	year={2008}
}
@online{WinNT,
	author = {Henk Ras},
	title = {Formaldehyde: More than Meets the Eye
	},
	year = {2013},
	url = {https://tuttnauer.com/blog/formaldehyde-low-temperature-sterilization},
	urldate = {2019-02-06}
}
@online{Hipbones2018,
	author = {Cindy Schmidler},
	title = {Hip Anatomy, Function and Common Problems
	},
	year = {2018},
	url = {https://www.healthpages.org/anatomy-function/hip-structure-function-common-problems},
	urldate = {2019-02-22}
}
@online{Hipligaments2018,
	author = {Oliver Jones},
	title = {Hip Anatomy, Function and Common Problems
	},
	year = {2019},
	url = {https://teachmeanatomy.info/lower-limb/joints/hip-joint/},
	urldate = {2019-01-19} 
}
@manual{sensorinfo,
	organization  = {Invense},
	title         = {MPU-6000 and MPU-6050
	Product Specification},
	number        = {PS-MPU-6000A-00
},
	year          =  {2013},
	month         =  {8},    
	note          = {Rev. 3.4"}
}
@manual{microboardinfo,
	organization  = {Atmel},
	title         = {ATmega16U4/ATmega32U4
},
	number        = {},
	year          =  {2016},
	month         =  {},    
	note          = {}
}
@article{crawford1997total,
	title={Total hip replacement: indications for surgery and risk factors for failure},
	author={Crawford, RW and Murray, DW},
	journal={Annals of the rheumatic diseases},
	volume={56},
	number={8},
	pages={455--457},
	year={1997},
	publisher={BMJ Publishing Group Ltd}
}
@article{dreinhofer2006indications,
	title={Indications for total hip replacement: comparison of assessments of orthopaedic surgeons and referring physicians},
	author={Dreinh{\"o}fer, KE and Dieppe, Paul and St{\"u}rmer, T and Gr{\"o}ber-Gr{\"a}tz, D and Fl{\"o}ren, M and G{\"u}nther, KP and Puhl, Wolfhart and Brenner, Hermann},
	journal={Annals of the rheumatic diseases},
	volume={65},
	number={10},
	pages={1346--1350},
	year={2006},
	publisher={BMJ Publishing Group Ltd}
}
@article{2003twenty,
	title={TWENTY-FIVE-YEAR RESULTS AFTER CHARNLEY TOTAL HIP ARTHROPLASTY IN PATIENTS LESS THAN FIFTY YEARS OLD: A CONCISE FOLLOW-UP OF A PREVIOUS REPORT},
	author={Keener, Jay D and Callaghan, John J and Goetz, Devon D and Pederson, Douglas R and Sullivan, Patrick M and Johnston, Richard C},
	journal={JBJS},
	volume={85},
	number={6},
	pages={1066--1072},
	year={2003},
	publisher={LWW}
}
@misc{blaauw_2018, 
	title={Attend hip surgery and interview surgeon for his requirements}, author={ Blaauw, Bryan}, 
	year={2018}, 
	month={Oct}
}
@book{bouwman2015practical,
	title={Practical Pharmaceutics},
	author={Bouwman-Boer, Yvonne and Fenton-May, V and Le Brun, PPH and others},
	year={2015},
	publisher={Springer}
}
@article{vargas2016imu,
	title={An IMU-to-body alignment method applied to human gait analysis},
	author={Vargas-Valencia, Laura and Elias, Arlindo and Rocon, Eduardo and Bastos-Filho, Teodiano and Frizera, Anselmo},
	journal={Sensors},
	volume={16},
	number={12},
	pages={2090},
	year={2016},
	publisher={Multidisciplinary Digital Publishing Institute}
}
@inproceedings{salehi2015body,
	title={Body-IMU autocalibration for inertial hip and knee joint tracking},
	author={Salehi, Sarvenaz and Bleser, Gabriele and Reiss, Attila and Stricker, Didier},
	booktitle={Proceedings of the 10th EAI International Conference on Body Area Networks},
	pages={51--57},
	year={2015},
	organization={ICST (Institute for Computer Sciences, Social-Informatics and~…}
}
@article{zugner2019validation,
	title={Validation of inertial measurement units with optical tracking system in patients operated with Total hip arthroplasty},
	author={Z{\"u}gner, Roland and Tranberg, Roy and Timperley, John and Hodgins, Diana and Mohaddes, Maziar and K{\"a}rrholm, Johan},
	journal={BMC musculoskeletal disorders},
	volume={20},
	number={1},
	pages={52},
	year={2019},
	publisher={BioMed Central}
}
@article{bergmann2009portable,
	title={A portable system for collecting anatomical joint angles during stair ascent: a comparison with an optical tracking device},
	author={Bergmann, Jeroen HM and Mayagoitia, Ruth E and Smith, Ian CH},
	journal={Dynamic Medicine},
	volume={8},
	number={1},
	pages={3},
	year={2009},
	publisher={BioMed Central}
}
@article{vargas2016imu,
	title={An IMU-to-body alignment method applied to human gait analysis},
	author={Vargas-Valencia, Laura and Elias, Arlindo and Rocon, Eduardo and Bastos-Filho, Teodiano and Frizera, Anselmo},
	journal={Sensors},
	volume={16},
	number={12},
	pages={2090},
	year={2016},
	publisher={Multidisciplinary Digital Publishing Institute}
}
@article{nussbaumer2010validity,
	title={Validity and test-retest reliability of manual goniometers for measuring passive hip range of motion in femoroacetabular impingement patients.},
	author={Nussbaumer, Silvio and Leunig, Michael and Glatthorn, Julia F and Stauffacher, Simone and Gerber, Hans and Maffiuletti, Nicola A},
	journal={BMC musculoskeletal disorders},
	volume={11},
	number={1},
	pages={194},
	year={2010},
	publisher={BioMed Central}
}
@online{Hipmuscles2018,
	author = {},
	title = {
	},
	year = {2019},
	url = {https://www.kenhub.com/en/start/muscles-pelvis-hip-femur/atlas},
	urldate = {2019-02-23} 
}
@article{wu2002isb,
	title={ISB recommendation on definitions of joint coordinate system of various joints for the reporting of human joint motion—part I: ankle, hip, and spine},
	author={Wu, Ge and Siegler, Sorin and Allard, Paul and Kirtley, Chris and Leardini, Alberto and Rosenbaum, Dieter and Whittle, Mike and D D’Lima, Darryl and Cristofolini, Luca and Witte, Hartmut and others},
	journal={Journal of biomechanics},
	volume={35},
	number={4},
	pages={543--548},
	year={2002},
	publisher={Elsevier}
}
@article{wakefield2015reliability,
	title={Reliability of goniometric and trigonometric techniques for measuring hip-extension range of motion using the modified Thomas test},
	author={Wakefield, C Brent and Halls, Amanda and Difilippo, Nicole and Cottrell, G Trevor},
	journal={Journal of athletic training},
	volume={50},
	number={5},
	pages={460--466},
	year={2015},
	publisher={National Athletic Trainers Association}
}
@article{ekstrand1982lower,
	title={Lower extremity goniometric measurements: a study to determine their reliability.},
	author={Ekstrand, J and Wiktorsson, M and Oberg, B and Gillquist, J},
	journal={Archives of physical medicine and rehabilitation},
	volume={63},
	number={4},
	pages={171--175},
	year={1982}
}
@article{gajdosik1987clinical,
	title={Clinical measurement of range of motion: review of goniometry emphasizing reliability and validity},
	author={Gajdosik, Richard L and Bohannon, Richard W},
	journal={Physical therapy},
	volume={67},
	number={12},
	pages={1867--1872},
	year={1987},
	publisher={Oxford University Press}
}
@article{ashton1978reliability,
	title={Reliability of goniometric measurements of hip motion in spastic cerebral palsy},
	author={Ashton, Barbara B and Pickles, Barrie and Roll, James W},
	journal={Developmental Medicine \& Child Neurology},
	volume={20},
	number={1},
	pages={87--94},
	year={1978},
	publisher={Wiley Online Library}
}
@article{amis1982elbow,
	title={The elbow.},
	author={Amis, AA and Miller, JH},
	journal={Clinics in rheumatic diseases},
	volume={8},
	number={3},
	pages={571--593},
	year={1982}
}

@article{yazdifar2013evaluating,
	title={Evaluating the hip range of motion using the goniometer and video tracking methods},
	author={Yazdifar, Mahshid and Yazdifar, Mohammad Reza and Mahmud, Jamaluddin and Esat, Ibrahim and Chizari, Mahmoud},
	journal={Procedia Engineering},
	volume={68},
	pages={77--82},
	year={2013},
	publisher={Elsevier}
}

@online{Delftdesignmethod,
	author = {A Boeien, J Daalhuizen},
	title = {Delft Design guide
	},
	year = {2019},
	url = {https://ocw.tudelft.nl/courses/delft-design-guide/?view=readings},
	urldate = {2019-02-28} 
}
@article{Harrisprofile,
	title={New product profile chart.},
	author={Harris, J.S.},
	journal={Chemical and engineering news},
	volume={39},
	number={16},
	pages={110-118},
	year={1961}
}
@online{beetle,
	author = {Epictinker},
	title = {Beetle
	},
	year = {2019},
	url = {https://www.epictinker.com/v/vspfiles/photos/DFR0282-2T.jpg},
	urldate = {2019-02-28} 
}
@online{arduinonano,
	author = {Arduino},
	title = {Arduino Nano
	},
	year = {2019},
	url = {https://store-cdn.arduino.cc/uni/catalog/product/cache/1/image/1040x660/604a3538c15e081937dbfbd20aa60aad/A/0/A000005_featured_2.jpg},
	urldate = {2019-02-28} 
}
@online{arduinoUNO,
	author = {Arduino},
	title = {Arduino UNO
	},
	year = {2019},
	url = {https://store-cdn.arduino.cc/uni/catalog/product/cache/1/image/1040x660/604a3538c15e081937dbfbd20aa60aad/a/0/a000066_featured_1_.jpg},
	urldate = {2019-02-28} 
}


@manual{infineon:MPU6050,
	organization  = "Invensense",
	title         = "MPU6050",
	number        = "PS-MPU-6000A-00",
	year          =  2013,
	month         =  08, 
	note          = "Rev. 3.4" 
}

@manual{infineon:MPU9520,
	organization  = "Invensense",
	title         = "MPU9520",
	number        = "PS-MPU-9250A-01",
	year          =  2014,
	month         =  01, 
	note          = "Rev. 1.0" 
}


@manual{infineon:TLE4473GV55-2,
	organization  = "Infineon Technologies AG",
	title         = "Dual Low Dropout Voltage Regulator",
	number        = "TLE 4473 GV55-2",
	year          =  2008,
	month         =  10,
	note          = "Rev. 1.2"
}


@manual{infineon:ADXL345,
	organization  = "Analog Devices",
	title         = "ADXL345",
	number        = "MA 02062-9106",
	year          =  2009,
	month         =  09, 
	note          = "Rev. 0" 
}

@manual{ADXL345,
	Author        = "Christopher J. Fisher",     
	organization  = "Analog Devices",
	title         = "AN-1057",
	number        = "MA 02062-9106",
	year          =  2009,
	month         =  09, 
	note          = "Rev. 0" 
}
@online{MPU6050connectedtoMicroprocessor,
	author={},
	title={},
	year={2019},
	url={http://www.electronoobs.com/images/Robotica/tut_9/IMU_schematic.png},
	urldate={2019-02-28},
}
@inproceedings{ritchey1998general,
	title={General morphological analysis},
	author={Ritchey, Tom},
	booktitle={16th euro conference on operational analysis},
	year={1998}
}
@online{Arduinoforum,
	author = {},
	title = {Arduino Forum
	},
	year = {2019},
	url = {https://forum.arduino.cc/},
	urldate = {2019-18-06}
}
@online{JoopBrokking,
	author = {Joop Brokking},
	title = {MPU6050 tutorial
	},
	year = {2016},
	url = {https://www.youtube.com/watch?v=4BoIE8YQwM8},
	urldate = {2019-18-06}
}
@online{JoopBrokking,
	author = {Joop Brokking},
	title = {line laser
	},
	year = {},
	url = {https://www.laserfuchs.de/en/line-laser/lfl650-5-129x2090?language=en},
	urldate = {2019-19-06}
}
@manual{EpoxAcast,
	organization  = "Smooth-On",
	title         = "Safety Data sheet EpoxAcast 650",
	number        = "",
	year          =  2019,
	month         =  1,    
	note          = "2.0"
}

@misc{JRowberg,
	author = {J. Rowberg},
	title = {MPU6050 library},
	howpublished = "{https://github.com/jrowberg/i2cdevlib/tree/master/Arduino/MPU6050}",
	year = {2019}, 
	note = "[Online; accessed 31-July-2019]"
}

@misc(MatlabOTB,
key = {MATLAB Optimization Toolbox},
title = {MATLAB Optimization Toolbox},
year = {<2017>}
note = {The MathWorks, Natick, MA, USA}
}

@article{kratzenstein2012effective,
	title={Effective marker placement for functional identification of the centre of rotation at the hip},
	author={Kratzenstein, Stefan and Kornaropoulos, Evgenios I and Ehrig, Rainald M and Heller, Markus O and P{\"o}pplau, Berry M and Taylor, William R},
	journal={Gait \& posture},
	volume={36},
	number={3},
	pages={482--486},
	year={2012},
	publisher={Elsevier}
}

@book{greenwood2006advanced,
  title={Advanced dynamics},
  author={Greenwood, Donald T},
  year={2006},
  publisher={Cambridge University Press}
}

@article{diebel2006representing,
  title={Representing attitude: Euler angles, unit quaternions, and rotation vectors},
  author={Diebel, James},
  journal={Matrix},
  volume={58},
  number={15-16},
  pages={1--35},
  year={2006}
}

@article{madgwick2010efficient,
  title={An efficient orientation filter for inertial and inertial/magnetic sensor arrays},
  author={Madgwick, Sebastian},
  journal={Report x-io and University of Bristol (UK)},
  volume={25},
  pages={113--118},
  year={2010}
}

\end{filecontents}


